@article{PilarMK2,
	Author = "Optimum Sp. J.",
	Journal = "Nowa Technika Wojskowa",
	Month = "Maj",
	Number = "5",
	Numpages = 3,
	Pages = "66--68",
	Title = "Odmiany akustycznego systemu wykrywania strza??w i lokalizacji strzelca PILAR Mk IIw",
	Volume = 05,
	Year = 2008}

@Manual{Atmel1,
 title = "AT91SAM9260 - AT91 ARM Thumb Microcontrollers",
 OPTorganization = "Atmel",
 OPTedition = "6221I?ATARM?17-Jul-09",
 OPTmonth = "Czerwiec",
 OPTyear = 2009,
 OPTurl = "http://www.atmel.com/dyn/resources/prod_documents/doc6221.pdf",
 OPTlocalfile = "doc6221.pdf",
}

@Manual{Analog1,
 title = "SSM2166 Microphone Preamplifier with Variable Compression and Noise Gating",
 OPTorganization = "Analog Devices",
 OPTaddress = "One Technology Way, P.O. Box 9106, Norwood, MA 02062-9106, U.S.A.",
 OPTyear = 2008,
 OPTnote = "Rev. D",
 OPTurl = "http://www.analog.com/en/audiovideo-products/audio-signal-processors/ssm2166/products/product.html",
 OPTlocalfile = "SSM2166",
}

@BOOK{HuangBenesty:2004,
    Address        = "France",
    Author         = "Chen, Jingdong and Benesty, Jacob and Huang, Yiteng",
    Booktitle      = "Audio Signal Processing For Next-Generation Multimedia Communication Systems 2004",
    Month          = 1,
    Pages          = "197-227",
    Publisher      = "Kulwer Academic Publishers",
    Title          = "Time Delay Estimation",
    Year           = 2004
}


@MANUAL{Gray:2003,
	AUTHOR		= "Nicholas Gray",
	TITLE		= "ABCs of ADCs, Analog-to-Digital Converter Basics",
	PAGES 		= 3-4,
	PUBLISHER	= "National Semiconductor",
	YEAR		= 2003,
	Howpublished    = "\url{http://www.national.com/appinfo/adc/files/ABCs_of_ADCs.pdf}"
}

